Bibtex (bib) file for the thesis style document.
 
@article{the-muon-g-2,
      author         = "Jegerlehner, Fred and Nyffeler, Andreas",
      title          = "{The Muon g-2}",
      journal        = "Phys. Rept.",
      volume         = "477",
      year           = "2009",
      pages          = "1-110",
      doi            = "10.1016/j.physrep.2009.04.003",
      eprint         = "0902.3360",
      archivePrefix  = "arXiv",
      primaryClass   = "hep-ph",
      reportNumber   = "HU-EP-09-07, HRI-P-09-02-001, RECAPP-HRI-2009-003",
      SLACcitation   = "%%CITATION = ARXIV:0902.3360;%%"
}
 
@article{e821-prd,
      author         = "Bennett, G. W. and others",
      title          = "{Final Report of the Muon E821 Anomalous Magnetic Moment
                        Measurement at BNL}",
      collaboration  = "Muon g-2",
      journal        = "Phys. Rev.",
      volume         = "D73",
      year           = "2006",
      pages          = "072003",
      doi            = "10.1103/PhysRevD.73.072003",
      eprint         = "hep-ex/0602035",
      archivePrefix  = "arXiv",
      primaryClass   = "hep-ex",
      SLACcitation   = "%%CITATION = HEP-EX/0602035;%%"
}

@article{kusch-foley,
  title = {The Magnetic Moment of the Electron},
  author = {Kusch, P. and Foley, H. M.},
  journal = {Phys. Rev.},
  volume = {74},
  issue = {3},
  pages = {250--263},
  numpages = {0},
  year = {1948},
  month = {Aug},
  publisher = {American Physical Society},
  doi = {10.1103/PhysRev.74.250},
  url = {https://link.aps.org/doi/10.1103/PhysRev.74.250}
}

@article{cern-i,
  title = {Measurement of the Anomalous Magnetic Moment of the Muon},
  author = {Charpak, G. and Farley, F. J. M. and Garwin, R. L. and Muller, T. and Sens, J. C. and Telegdi, V. L. and Zichichi, A.},
  journal = {Phys. Rev. Lett.},
  volume = {6},
  issue = {3},
  pages = {128--132},
  numpages = {0},
  year = {1961},
  month = {Feb},
  publisher = {American Physical Society},
  doi = {10.1103/PhysRevLett.6.128},
  url = {https://link.aps.org/doi/10.1103/PhysRevLett.6.128}
}
